@misc{aicrowd,
  author = {{AIcrowd}},
  title = {Spotify Million Playlist Dataset Challenge},
  howpublished = {\url{https://www.aicrowd.com/challenges/spotify-million-playlist-dataset-challenge}},
  year = {2018},
  note = {Accessed: 2025-06-06}
}

@misc{kaggle,
  author = {Himanshu Wagh},
  title = {Spotify Million Playlist Dataset},
  howpublished = {\url{https://www.kaggle.com/datasets/himanshuwagh/spotify-million}},
  year = {2023},
  note = {Accessed: 2025-06-06}
}

@misc{networkx,
  author = {Aric A. Hagberg and Daniel A. Schult and Pieter J. Swart},
  title = {NetworkX: Network Analysis with Python},
  year = {2008},
  howpublished = {\url{https://networkx.org}},
  note = {Accessed: 2025-06-06}
}

@article{igraph,
  author = {Gábor Csárdi and Tamás Nepusz},
  title = {The igraph software package for complex network research},
  journal = {InterJournal Complex Systems},
  volume = {1695},
  year = {2006},
  url = {https://igraph.org},
  note = {Accessed: 2025-06-06}
}

@misc{cugraph,
  author = {{RAPIDS AI}},
  title = {cuGraph: GPU-Accelerated Graph Analytics},
  year = {2023},
  howpublished = {\url{https://github.com/rapidsai/cugraph}},
  note = {Accessed: 2025-06-06}
}

@inproceedings{ying2018graph,
  title={Graph convolutional neural networks for web-scale recommender systems},
  author={Ying, Rex and He, Ruining and Chen, Kaifeng and Eksombatchai, Pong and Hamilton, William L and Leskovec, Jure},
  booktitle={Proceedings of the 24th ACM SIGKDD international conference on knowledge discovery \& data mining},
  pages={974--983},
  year={2018}
}

@article{hamilton2017inductive,
  title={Inductive representation learning on large graphs},
  author={Hamilton, Will and Ying, Zhitao and Leskovec, Jure},
  journal={Advances in neural information processing systems},
  volume={30},
  year={2017}
}

@misc{bevec2025spotify,
  author       = {Jakob Mrak and Matej Bevec and Ožbej Pavc and Dimitar Nakov},
  title        = {Predicting Popularity of Spotify Playlists from Graph Topology},
  year         = {2025},
  howpublished = {\url{https://github.com/MrakJakob/INA_projekt}},
  note         = {Accessed: 2025-06-08}
}